@article{coelho2011acessibilidade,
  title={Acessibilidade para pessoas com defici{\^e}ncia visual no Moodle},
  author={Coelho, Cristina Madeira and Raposo, Patricia Neves and da Silva, Eduardo and de Almeida, Ana Caroline Freitas},
  journal={Linhas Cr{\'\i}ticas},
  volume={17},
  number={33},
  pages={327--348},
  year={2011}
}

@article{rezende2005abaco,
  title={Do {\'a}baco ao easy: mediando novas formas de aprendizado do deficiente visual},
  author={REZENDE, Andr{\'e} Luiz Andrade},
  journal={Master's thesis, Centro de P{\'o}s-Gradua{\c{c}}{\~a}o e Pesquisa Visconde De Cairu (Ceppev)-Mestrado Interdisciplinar Em Modelagem Computacional, Salvador-BA. 201f},
  year={2005}
}

@article{kraus2007desenvolvimento,
  title={Desenvolvimento de um chatterbot para {\'a}rea Imobili{\'a}ria integrando Racioc{\'\i}nio Baseado em Casos},
  author={Kraus, Helton Machado and da Rocha Fernandes, Anita Maria},
  journal={H{\'I}FEN},
  volume={31},
  number={59},
  year={2007}
}

@inproceedings{azeta2009case,
  title={A case-based reasoning approach for speech-enabled e-learning system},
  author={Azeta, AA and Ayo, CK and Atayero, AA and Ikhu-Omoregbe, NA},
  booktitle={Adaptive Science \& Technology, 2009. ICAST 2009. 2nd International Conference on},
  pages={211--217},
  year={2009},
  organization={IEEE}
}

@article{Riesbeck,
  title={A case-based reasoner solves new problems by adapting solutions were used to solve old problems},
  author={Riesbeck, Schank},
  journal={' '},
  year={1999}
}

@book{Fernandes,
  title={Inteligência Artificial: noções gerais},
  author={Fernandes, A. M. R.},
  year={2003},
  publisher={Ed. Visual Books, Florianópolis.}
}

@misc{Moodle,
  author = {Moodle},
  title = {Moodle - Open-source learning platform},
  howpublished = {\url{https://moodle.org/}},
  year = {2017}, 
  note = {[Online; accessed 01-Dec-2016]}
}

@phdthesis{francisco2008contributos,
  title={Contributos para uma educa{\c{c}}{\~a}o online inclusiva: estudo aplicado a casos de cegueira e baixa vis{\~a}o},
  author={Francisco, Maria Manuela Amado Silva},
  year={2008},
  school={UNIVERSIDADE ABERTA}
}

@book{WANGENHEIM2013,
  title={Raciocínio Baseado em Casos com Softwares Livres e Aplicativos Móveis – 2a
edição},
  author={WANGENHEIM, Christiane Gresse von, Aldo von e RATEKE, Thiago},
  year={2013},
  publisher={Bookess Editora, Florianópolis.}
}

@book{WANGENHEIM2003,
  title={Raciocínio Baseado em Casos com Softwares Livres e Aplicativos Móveis},
  author={WANGENHEIM, C. G., WANGENHEIM},
  year={2003},
  publisher={Editora Manole, Curitiba.}
}

@article{aamodt1994case,
  title={Case-based reasoning: Foundational issues, methodological variations, and system approaches},
  author={Aamodt, Agnar and Plaza, Enric},
  journal={AI communications},
  volume={7},
  number={1},
  pages={39--59},
  year={1994},
  publisher={IOS press}
}

@book{Kolodner1993,
  title={Case-Based Reasoning},
  author={Kolodner, J. L},
  year={1993},
  publisher={Editora Manole, Curitiba.}
}

@misc{leakecase,
  title={Case-Based Reasoning: Experiences, Lessons \& Future Directions. 1996},
  author={Leake, DB},
  publisher={AAAI Press/The MIT Press}
}

@book{watson1998applying,
  title={Applying case-based reasoning: techniques for enterprise systems},
  author={Watson, Ian},
  year={1998},
  publisher={Morgan Kaufmann Publishers Inc.}
}

@phdthesis{vitorino2009raciocinio,
  title={Racioc{\'\i}nio baseado em casos: conceitos e aplica{\c{c}}{\~o}es},
  author={Vitorino, Thiago Arreguy Silva},
  year={2009},
  school={UNIVERSIDADE FEDERAL DE MINAS GERAIS}
}

@article{maciel2012ambientes,
  title={Ambientes virtuais de aprendizagem},
  author={Maciel, C},
  journal={Cuiab{\'a}: EdUFMT},
  pages={59--90},
  year={2012}
}

@article{adell2010ambientes,
  title={Ambientes virtuais de aprendizagem e padr{\~o}es de e-learning},
  author={Adell, J and Bellver, AJ and Bellver, C},
  journal={C. Coll \& C. Monereo, Psicologia da educa{\c{c}}{\~a}o virtual: Aprender e ensinar com as tecnologias da informa{\c{c}}{\~a}o e comunica{\c{c}}{\~a}o},
  pages={245--267},
  year={2010}
}

@article{almeida2011educaccao,
  title={Educa{\c{c}}{\~a}o a dist{\^a}ncia na internet: abordagens e contribui{\c{c}}{\~o}es dos ambientes digitais de aprendizagem. 2003},
  author={ALMEIDA, Maria EB},
  journal={Dispon{\i}vel em:< www. scielo. br/pdf/ep-/v29n2/a10v29n2. pdf},
  year={2011}
}

@inproceedings{dillenbourg2002virtual,
  title={Virtual learning environments},
  author={Dillenbourg, Pierre and Schneider, Daniel and Synteta, Paraskevi},
  booktitle={3rd Hellenic Conference Information \& Communication Technologies in Education},
  pages={3--18},
  year={2002},
  organization={Kastaniotis Editions, Greece}
}

@article{de2012aprendizagem,
  title={Aprendizagem colaborativa em ambientes virtuais de aprendizagem},
  author={de Souza, Patricia Cristiane},
  journal={Ed UFMT},
  pages={121},
  year={2012}
}

@article{oesterreich2010potencialidades,
  title={Potencialidades e fragilidades das ferramentas tecnol{\'o}gicas em ambientes virtuais de aprendizagem},
  author={Oesterreich, F and Montoli, F da S},
  journal={Revista Tecnologias na Educa{\c{c}}{\~a}o, ano},
  year={2010}
}

@article{carvalho2008lms,
  title={Os LMS no Apoio ao Ensino Presencial: dos conte{\'u}dos {\`a}s interac{\c{c}}{\~o}es},
  author={Carvalho, Ana Am{\'e}lia A},
  journal={Revista Portuguesa de Pedagogia},
  number={42-2},
  volume={1},
  pages={101--122},
  year={2008}
}

@article{mari2011avaliaccao,
  title={Avalia{\c{c}}{\~a}o da acessibilidade e da usabilidade de um modelo de ambiente virtual de aprendizagem para a inclus{\~a}o de deficientes visuais},
  author={Mari, Carina Morais Magri and others},
  year={2011},
  journal={ },
  publisher={Universidade Federal de S{\~a}o Carlos}
}

@article{conde2007definindo,
  title={Definindo a cegueira e a vis{\~a}o subnormal},
  author={Conde, Ant{\^o}nio Jo{\~a}o Menescal},
  journal={IBC [online]. Dispon{\'\i}vel: http://www. ibc. gov. br},
  year={2007}
}

@article{domingos2008sexualidade,
  title={SEXUALIDADE: UM ESTUDO COM PORTADORES DE DEFICI{\^E}NCIA VISUAL},
  author={Domingos, Vivian Tamara and Sgarbossa, Alessandra Patr{\'\i}cia and Teixeira, Alyne Nogueira and da Silva, Eduardo Alexandre R},
  journal={Akr{\'o}polis-Revista de Ci{\^e}ncias Humanas da UNIPAR},
  volume={15},
  number={3},
  year={2008}
}

@article{de1994linha,
  title={linha de a{\c{c}}{\~a}o sobre necessidades educativas especiais},
  author={UNESCO, Declara{\c{c}}{\~a}o De Salamanca},
  journal={Bras{\'\i}lia: Corde},
  year={1994}
}

@book{saviani2003pedagogia,
  title={Pedagogia hist{\'o}rico-cr{\'\i}tica primeiras aproxima{\c{c}}{\~o}es},
  author={Saviani, Dermeval},
  volume={40},
  year={2003},
  publisher={Autores associados}
}

@article{conforto2002acessibilidade,
  title={Acessibilidade {\`a} Web: Internet para todos},
  author={Conforto, D{\'e}bora and Santarosa, Lucila MC},
  journal={Revista de Inform{\'a}tica na Educa{\c{c}}{\~a}o: Teoria, Pr{\'a}tica--PGIE/UFRGS},
  volume={5},
  number={2},
  pages={87--102},
  year={2002}
}

@article{borges1996dosvox,
  title={Dosvox-um novo acesso dos cegos {\`a} cultura e ao trabalho},
  author={BORGES, Jos{\'e} Ant{\^o}nio},
  journal={Revista Benjamin Constant, edi{\c{c}}{\~a}o},
  volume={3},
  pages={24--29},
  year={1996}
}

@article{campbell2001trabalho,
  title={Trabalho e cultura: meios de fortalecimento da cidadania e do desenvolvimento humano},
  author={Campbell, Larry},
  journal={Revista Contato--Conversas sobre Defici{\^e}ncia Visual--Edi{\c{c}}{\~a}o Especial. Ano},
  volume={5},
  pages={103--108},
  year={2001}
}
